@article{Fares,
	title	= {A differential equation for approximate wall distance},
	author	= {{E. Fares and W. Schr√∂der}},
	journal	= {International journal for numerical methods in fluids},
	year    = {2002},
	volume	= {39},
	pages 	= {743--762}
}
